<record><leader>00000cas a2200000 a 4500</leader><controlfield tag="001">10687712</controlfield><controlfield tag="008">840503d18711874vtuwr ne      0    0eng d</controlfield><datafield ind1=" " ind2=" " tag="010"><subfield code="a">sn 84023021 </subfield></datafield><datafield ind1=" " ind2=" " tag="040"><subfield code="a">NPX</subfield><subfield code="b">eng</subfield><subfield code="c">NPX</subfield><subfield code="d">DLC</subfield><subfield code="d">NPU</subfield><subfield code="d">MGN</subfield><subfield code="d">NVN</subfield><subfield code="d">OCLCQ</subfield><subfield code="d">OCLCF</subfield><subfield code="d">OCLCO</subfield></datafield><datafield ind1=" " ind2=" " tag="042"><subfield code="a">msc</subfield></datafield><datafield ind1="0" ind2=" " tag="130"><subfield code="a">Burlington democrat (Burlington, Vt.)</subfield></datafield><datafield ind1="0" ind2="0" tag="245"><subfield code="a">Burlington democrat.</subfield></datafield><datafield ind1=" " ind2=" " tag="260"><subfield code="a">Burlington, Vt. :</subfield><subfield code="b">[H.C. Fay],</subfield><subfield code="c">1871-1874.</subfield></datafield><datafield ind1=" " ind2=" " tag="300"><subfield code="a">v. ;</subfield><subfield code="c">70 cm.</subfield></datafield><datafield ind1=" " ind2=" " tag="310"><subfield code="a">Weekly</subfield></datafield><datafield ind1="0" ind2=" " tag="362"><subfield code="a">Vol. 1, no. 1 (May 4, 1871)-v. 3, no. 43 (Feb. 28, 1874).</subfield></datafield><datafield ind1=" " ind2=" " tag="500"><subfield code="a">Publisher's name recorded in May 11, 1871 issue.</subfield></datafield><datafield ind1=" " ind2=" " tag="500"><subfield code="a">Publisher: A.N. Merchant, 1872-1874.</subfield></datafield><datafield ind1=" " ind2=" " tag="500"><subfield code="a">Democratic. Cf. Rowell, 1873.</subfield></datafield><datafield ind1=" " ind2=" " tag="500"><subfield code="a">Editors: H.C. Fay, 1871-1872; A.N. Merchant, 1872-1874.</subfield></datafield><datafield ind1=" " ind2=" " tag="580"><subfield code="a">Merged with: Burlington weekly sentinel (Burlington, Vt. : 1857) to form: Burlington democrat and weekly sentinel.</subfield></datafield><datafield ind1=" " ind2="0" tag="651"><subfield code="a">Burlington (Vt.)</subfield><subfield code="v">Newspapers.</subfield></datafield><datafield ind1=" " ind2="0" tag="651"><subfield code="a">Vermont</subfield><subfield code="v">Newspapers.</subfield></datafield><datafield ind1=" " ind2="7" tag="655"><subfield code="a">Newspapers.</subfield><subfield code="2">fast</subfield><subfield code="0">(OCoLC)fst01423814</subfield></datafield><datafield ind1=" " ind2="7" tag="651"><subfield code="a">Vermont.</subfield><subfield code="2">fast</subfield><subfield code="0">(OCoLC)fst01204305</subfield></datafield><datafield ind1=" " ind2="7" tag="651"><subfield code="a">Vermont</subfield><subfield code="z">Burlington.</subfield><subfield code="2">fast</subfield><subfield code="0">(OCoLC)fst01207603</subfield></datafield><datafield ind1="1" ind2=" " tag="700"><subfield code="a">Fay, Harry C.</subfield></datafield><datafield ind1="1" ind2=" " tag="700"><subfield code="a">Merchant, Albion N.</subfield></datafield><datafield ind1=" " ind2=" " tag="752"><subfield code="a">United States</subfield><subfield code="b">Vermont</subfield><subfield code="c">Chittenden</subfield><subfield code="d">Burlington.</subfield></datafield><datafield ind1="1" ind2="7" tag="785"><subfield code="t">Burlington weekly sentinel (Burlington, Vt. : 1857)</subfield><subfield code="w">(DLC)sn 84023349</subfield><subfield code="w">(OCoLC)10834461</subfield></datafield><datafield ind1="1" ind2="7" tag="785"><subfield code="t">Burlington democrat and weekly sentinel</subfield><subfield code="w">(DLC)sn 84023022</subfield><subfield code="w">(OCoLC)10689220</subfield></datafield></record>